<?xml version="1.0" encoding="UTF-8"?><collection><record><leader>07266ntm a2200565 a 4500</leader><controlfield tag="001">006836210</controlfield><controlfield tag="003">MiAaHDL</controlfield><controlfield tag="005">20190719000000.0</controlfield><controlfield tag="006">m        d        </controlfield><controlfield tag="007">cr bn ---auaua</controlfield><controlfield tag="008">090708s1824    xx            00| ||per d</controlfield><datafield tag="035" ind1=" " ind2=" "><subfield code="a">(MiU)006836210</subfield></datafield><datafield tag="035" ind1=" " ind2=" "><subfield code="a">sdr-miu006836210</subfield></datafield><datafield tag="040" ind1=" " ind2=" "><subfield code="a">MiU</subfield><subfield code="c">MiU</subfield><subfield code="e">amremm</subfield></datafield><datafield tag="043" ind1=" " ind2=" "><subfield code="a">n-us-mi</subfield></datafield><datafield tag="245" ind1="0" ind2="0"><subfield code="6">880-03</subfield><subfield code="a">[Risālah dar maṣāyib-i Ahl-i Bayt,</subfield><subfield code="f">ca. 1824].</subfield></datafield><datafield tag="246" ind1="3" ind2=" "><subfield code="i">Title from Luzac catalog:</subfield><subfield code="a">Tragedy of Husain</subfield></datafield><datafield tag="246" ind1="3" ind2=" "><subfield code="a">رساله در مصائب اهل بيت</subfield></datafield><datafield tag="246" ind1="3" ind2=" "><subfield code="a">Risālah dar maṣāʼb-i Ahl-i Bayt</subfield></datafield><datafield tag="260" ind1=" " ind2=" "><subfield code="c">[ca. 1824].</subfield></datafield><datafield tag="300" ind1=" " ind2=" "><subfield code="a">273 leaves :</subfield><subfield code="b">paper ;</subfield><subfield code="c">225 x 175 (160-170 x 110-130) mm.</subfield></datafield><datafield tag="500" ind1=" " ind2=" "><subfield code="a">Shelfmark: Ann Arbor, University of Michigan, Special Collections Library, Isl. Ms. 901</subfield></datafield><datafield tag="500" ind1=" " ind2=" "><subfield code="a">Origin: Colophon at close on p.551 is incomplete ; paper would suggest 19th century and dated watermark suggests ca. 1824.</subfield></datafield><datafield tag="500" ind1=" " ind2=" "><subfield code="a">Accompanying materials: a. Part of a page torn from 1913 catalog, Luzac &amp; Co., with description and price for this manuscript "321 Tragedy of Husain. No author's name mentioned. Persian MS. Written on blue tinted paper of various shades ; in fair Naskhi character ; 2 inks. Small 4to. Leather. 230 folios. No date ; eighteenth century. 15s. One or two folios missing from the beginning." (paginated pp.1-2) -- b. Recycled E. J. W. Gibb Memorial form letter with notes in pencil on the reverse, repeating description found in Luzac catalog (paginted pp.3-4) -- c. Slip with note "Persian Manuscripts [in pencil 'or lithograph?'] (Heyworth-Dunne?) No Hussulman or Meredith-Owen notes" (paginated pp.5-6) -- d. Slip with note "Counted for 1968/69 Annual Report" (paginated pp.7-8) -- e. Matching piece of upper hinge (paginated pp.127-128) -- f. Scrap with Qurʼānic excerpt / portion of Sūrat al-Ikhlāṣ (paginated pp.195-196).</subfield></datafield><datafield tag="500" ind1=" " ind2=" "><subfield code="a">Former shelfmark: Mich. Isl. Ms. temp. no. 50</subfield></datafield><datafield tag="500" ind1=" " ind2=" "><subfield code="a">Binding: Pasteboards faced in dark brown leather with light brown, black and red leather over spine and board edges (producing effect of leather faced and edged framed binding, but likely repairs) ; Type III binding (without flap), two-piece binding (seam of overlapping flanges visible at spine) ; doublures in red leather ; portion of hinges in manuscript "waste" (recycled paper) remains affixed to doublures (matching piece for upper hinge has been tucked in to the book and paginated pp.127-128) ; sewn in cream thread, two stations ; worked chevron endbands in cream and lime green thread, fair condition, headband protected by tab extending from spine leather ; overall in somewhat poor condition with much abrasion, deterioration of leather, etc. ; possibly reuse of covered boards (recycled covers).</subfield></datafield><datafield tag="500" ind1=" " ind2=" "><subfield code="a">Support: European laid paper of several types ; one type with 7 laid lines per cm. (vertical), chain lines spaced 26 mm. apart (horizontal), and watermarks of double-headed eagle with shield at center and small crown above (see p.16, 28, 114, 150, 512, etc.) and cursive initials "B C ф" (see p.506, 507, etc.) ; another type with 6 laid lines per cm. (vertical), chain lines spaced 28-31 mm. apart (horizontal) and watermarks of fleur-de-lis (see p.166, etc.), date "1823" (see p.160, 164, etc.) and cursive initials "A CA" (see p.108, 109, etc. and compare Heawood no. 3064) ; another type with 8 laid lines per cm. (vertical), chain lines spaced 25 mm. apart (horizontal), and watermark of Pro Patria with lion and initial "M H" [?] to the side (see p.58, 60, 198, 337, 549-550, etc.) ; still another type with watermark of date "1824" (see p.352, 408, 422, etc.) ; almost all blue-tinted (occasional bifolia or entire gatherings a gray color, see p.529-540 with Pro Patria watermark).</subfield></datafield><datafield tag="500" ind1=" " ind2=" "><subfield code="a">Decoration: Section headings rubricated ; occasional overlining in red.</subfield></datafield><datafield tag="500" ind1=" " ind2=" "><subfield code="a">Script: Naskh in a form reminiscent of Bihārī ; spacious, elegant hand in a fairly thin line ; mainly serifless and quite rounded with curvilinear descenders, many open counters, large oval form for ṭāʼ, ẓāʼ, ḍād, ṣād with ṣād and ḍād particularly rather flat, pointing in distinct dots often oriented vertically, adhering fairly consistently to baseline, point of final nūn set deep in bowl, letters fairly uniform in height, etc. ; Arabic passages usually vocalized.</subfield></datafield><datafield tag="500" ind1=" " ind2=" "><subfield code="a">Layout: Written in 15-19 lines per page.</subfield></datafield><datafield tag="500" ind1=" " ind2=" "><subfield code="a">Collation: 1+I+I (5), 2 [2I+2I] (21), I+I+I (27), I+I+2 (33), II+1 (38), IV (46), IV+1 (55), V (65), IV (73), V (83), III (89), V (99), II (103), 2 IV(119), IV+2 (129), II (133), II+1 (138), 2 IV(154), III (160), 6 IV(208), II (212), IV (220), II+1 (225), 2 IV(241), 2 III (253), II (257), I+I (261), III (267), II+2 (273) ; haphazard assemblage, some composed gatherings in which a gathering of eight or six leaves is formed by guarding together individual bifolia without nesting them ; catchwords present ; pagination in pencil, Western numerals, supplied during cataloguing (includes inserts and drops six pages following p.386 with p.381).</subfield></datafield><datafield tag="500" ind1=" " ind2=" "><subfield code="a">Colophon: "Authorial" and or "Scribal" [?], reads "و قد فرغت من تسويد هذا الكتاب فى شهر ذي حجة من شهور "</subfield></datafield><datafield tag="500" ind1=" " ind2=" "><subfield code="a">Explicit: "لعنة الله عليهم وعلى سائر ظالمى ال محمد صلى الله عليه واله وعذبهم عذابا يستغيث منه اهل النار امين رب العالمين تمام شد کتاب امید که فایده کوبه کافه شیعیان ال رسول الله صلی الله علیه واله برسد و مؤلف عاصی را از خوانندگان و نویسندگان ملتمس است که چنانچه بر خطائی مطلع باصلاح آن این ضعیف را ممنون نمانید و این روسیا را بدعائی یاد نمانید"</subfield></datafield><datafield tag="500" ind1=" " ind2=" "><subfield code="a">Incipit: "چها که از تو بر ال مصطفى رسید کم تربک لما صرعوا من دم سال من دمع جری چه خونها که بر خاک ..."</subfield></datafield><datafield tag="500" ind1=" " ind2=" "><subfield code="a">Title supplied by cataloguer from introductory matter on p.11 ff.</subfield></datafield><datafield tag="500" ind1=" " ind2=" "><subfield code="a">Ms. codex.</subfield></datafield><datafield tag="520" ind1="8" ind2=" "><subfield code="a">Fine though acephalous copy of a work in twenty chapters (مجلس) on the tragedies suffered by the family of the Prophet, particularly the martyrdom of Imām Ḥusayn.</subfield></datafield><datafield tag="538" ind1=" " ind2=" "><subfield code="a">Mode of access: Internet.</subfield></datafield><datafield tag="541" ind1=" " ind2=" "><subfield code="c">Gift ;</subfield><subfield code="a">Acquired from Frank E. Nuttall (1875-1943).</subfield></datafield><datafield tag="546" ind1=" " ind2=" "><subfield code="a">Persian.</subfield></datafield><datafield tag="561" ind1=" " ind2=" "><subfield code="a">Possible former inventory mark in pencil on incipit page (p.9) "MS | 1912" ; glosses and marginal corrections.</subfield></datafield><datafield tag="600" ind1="0" ind2="0"><subfield code="a">Ḥusayn ibn ʻAlī,</subfield><subfield code="d">-680</subfield><subfield code="x">Death and burial</subfield><subfield code="v">Early works to 1800.</subfield></datafield><datafield tag="650" ind1=" " ind2="0"><subfield code="a">Manuscripts, Persian</subfield><subfield code="z">Michigan</subfield><subfield code="z">Ann Arbor.</subfield></datafield><datafield tag="650" ind1=" " ind2="0"><subfield code="a">Shīʻah</subfield><subfield code="x">History</subfield><subfield code="v">Early works to 1800.</subfield></datafield><datafield tag="650" ind1=" " ind2="0"><subfield code="a">Martyrdom</subfield><subfield code="x">Islam</subfield><subfield code="v">Early works to 1800.</subfield></datafield><datafield tag="650" ind1=" " ind2="0"><subfield code="a">Imams (Shiites)</subfield><subfield code="v">Biography</subfield><subfield code="v">Early works to 1800.</subfield></datafield><datafield tag="650" ind1=" " ind2="0"><subfield code="a">Karbalāʼ, Battle of, Karbalāʼ, Iraq, 680</subfield><subfield code="v">Early works to 1800.</subfield></datafield><datafield tag="700" ind1="1" ind2=" "><subfield code="a">Nuttall, Frank E.,</subfield><subfield code="d">1875-1943,</subfield><subfield code="e">former owner.</subfield></datafield><datafield tag="773" ind1="0" ind2=" "><subfield code="a">F. E. Nuttall Collection.</subfield></datafield><datafield tag="880" ind1="0" ind2="0"><subfield code="6">245-03/</subfield><subfield code="a">[رساله در مصایب اهل بیت</subfield><subfield code="f">ح 1824م].</subfield></datafield><datafield tag="CID" ind1=" " ind2=" "><subfield code="a">006836210</subfield></datafield><datafield tag="DAT" ind1="0" ind2=" "><subfield code="a">20190719102641.0</subfield><subfield code="b">20190719000000.0</subfield></datafield><datafield tag="DAT" ind1="1" ind2=" "><subfield code="a">20190719090653.0</subfield><subfield code="b">2019-07-19T16:10:29Z</subfield></datafield><datafield tag="DAT" ind1="2" ind2=" "><subfield code="a">2015-10-02T18:00:03Z</subfield></datafield><datafield tag="CAT" ind1=" " ind2=" "><subfield code="a">SDR-MIU</subfield><subfield code="d">EX LIBRIS - ALEPH</subfield><subfield code="l">prepare.pl-004-008</subfield></datafield><datafield tag="FMT" ind1=" " ind2=" "><subfield code="a">BK</subfield></datafield><datafield tag="HOL" ind1=" " ind2=" "><subfield code="0">sdr-miu006836210</subfield><subfield code="a">MiU</subfield><subfield code="b">SDR</subfield><subfield code="c">MIU</subfield><subfield code="p">mdp.39015079132299</subfield><subfield code="s">MIU</subfield><subfield code="1">006836210</subfield></datafield><datafield tag="974" ind1=" " ind2=" "><subfield code="b">MIU</subfield><subfield code="c">MIU</subfield><subfield code="d">20190719</subfield><subfield code="s">lit-dlps-dc</subfield><subfield code="u">mdp.39015079132299</subfield><subfield code="y">1824</subfield><subfield code="r">pd</subfield><subfield code="q">bib</subfield><subfield code="t">non-US bib date1 &lt; 1896</subfield></datafield></record></collection>